<?xml version="1.0" encoding="UTF-8"?><record xmlns="http://www.loc.gov/MARC21/slim" xmlns:cinclude="http://apache.org/cocoon/include/1.0" xmlns:zs="http://www.loc.gov/zing/srw/">
  <leader>00556nz  a2200145n  4500</leader>
  <controlfield tag="001">n  92042974 </controlfield>
  <controlfield tag="003">DLC</controlfield>
  <controlfield tag="005">19920417162858.8</controlfield>
  <controlfield tag="008">920417n| acannaab|          |a aaa |||  </controlfield>
  <datafield tag="010" ind1=" " ind2=" ">
    <subfield code="a">n  92042974 </subfield>
  </datafield>
  <datafield tag="040" ind1=" " ind2=" ">
    <subfield code="a">DLC</subfield>
    <subfield code="c">DLC</subfield>
  </datafield>
  <datafield tag="100" ind1="1" ind2="0">
    <subfield code="a">Heberlein, Fritz</subfield>
  </datafield>
  <datafield tag="400" ind1="1" ind2="0">
    <subfield code="a">Heberlein, Friedrich Berthold Lothar</subfield>
  </datafield>
  <datafield tag="670" ind1=" " ind2=" ">
    <subfield code="a">His Six centuries history of the Heberleins, 1991:</subfield>
    <subfield code="b">t.p. (Fritz Heberlein) cover (Dr. Fritz L.B. Heberlein) p. vi-vii (Friedrich Berthold Lothar Heberlein; b. 10-27-1899; d. 01-28-1988)</subfield>
  </datafield>
  <datafield tag="670" ind1=" " ind2=" ">
    <subfield code="a">LC data base, 04-17-92</subfield>
    <subfield code="b">(hdg.: Heberlein, Fritz)</subfield>
  </datafield>
</record>